@article{Jaowiecki2019,
  doi = {10.1140/epjst/e2019-800042-9},
  url = {https://doi.org/10.1140/epjst/e2019-800042-9},
  year = {2019},
  publisher = {Springer Science and Business Media {LLC}},
  volume = {227},
  number = {15-16},
  pages = {2037--2041},
  author = {Konrad Ja{\l}owiecki and Jerzy Dajka},
  title = {Multi-partite entanglement in Davies environment},
  journal = {The European Physical Journal Special Topics}
}

@article{SOTYSIAK2018,
  doi = {10.7306/gq.1411},
  url = {https://doi.org/10.7306/gq.1411},
  year = {2018},
  publisher = {Polish Geological Institute - National Research Institute ({PGI}-{NRI})},
  author = {Marek SO{\L}TYSIAK and Dominika D{Ä„}BROWSKA and Konrad JA{\L}OWIECKI and Vahid NOURANI},
  title = {A multi-method approach to groundwater risk assessment: a case study  of a landfill in southern Poland},
  journal = {Geological Quarterly}
}

@article{Jaowiecki2016,
  doi = {10.4064/bc108-0-10},
  url = {https://doi.org/10.4064/bc108-0-10},
  year = {2016},
  publisher = {Institute of 'M'athematics,  Polish Academy of Sciences},
  volume = {108},
  pages = {133--141},
  author = {Konrad Ja{\l}owiecki and Przemys{\l}aw Koprowski},
  title = {Algorithms for quadratic forms over real function fields},
  journal = {Banach Center Publications}
}
