@article{lenz,
  title={Beitrag zum Verst{\"a}ndnis der magnetischen Erscheinungen in festen K{\"o}rpern},
  author={Lenz, Wilhelm},
  journal={Z. Phys.},
  volume={21},
  pages={613--615},
  year={1920}
}

@article{ising,
  title={Beitrag zur theorie des ferromagnetismus},
  author={Ising, Ernst},
  journal={Zeitschrift f{\"u}r Physik},
  volume={31},
  number={1},
  pages={253--258},
  year={1925},
  publisher={Springer}
}


@article{barahoma,
	doi = {10.1088/0305-4470/15/10/028},
	url = {https://doi.org/10.1088/0305-4470/15/10/028},
	year = 1982,
	month = {oct},
	publisher = {{IOP} Publishing},
	volume = {15},
	number = {10},
	pages = {3241--3253},
	author = {F Barahona},
	title = {On the computational complexity of Ising spin glass models},
	journal = {Journal of Physics A: Mathematical and General},
}